<?xml version="1.0" encoding="UTF-8"?><collection><record><leader>07408ntm a2200589 a 4500</leader><controlfield tag="001">006832726</controlfield><controlfield tag="003">MiAaHDL</controlfield><controlfield tag="005">20190719000000.0</controlfield><controlfield tag="006">m        d        </controlfield><controlfield tag="007">cr bn ---auaua</controlfield><controlfield tag="008">090629s1667    ua            00| ||ara d</controlfield><datafield tag="035" ind1=" " ind2=" "><subfield code="a">(MiU)006832726</subfield></datafield><datafield tag="035" ind1=" " ind2=" "><subfield code="a">sdr-miu006832726</subfield></datafield><datafield tag="040" ind1=" " ind2=" "><subfield code="a">MiU</subfield><subfield code="c">MiU</subfield><subfield code="e">amremm</subfield></datafield><datafield tag="043" ind1=" " ind2=" "><subfield code="a">n-us-mi</subfield></datafield><datafield tag="100" ind1="1" ind2=" "><subfield code="6">880-01</subfield><subfield code="a">Munāwī, ʻAbd al-Raʼūf ibn Tāj al-ʻĀrifīn,</subfield><subfield code="d">-1621.</subfield></datafield><datafield tag="240" ind1="1" ind2="0"><subfield code="6">880-02</subfield><subfield code="a">Tawḍīḥ Fatḥ al-Raʼūf al-mujīb bi-sharḥ Unmūdhaj al-labīb</subfield></datafield><datafield tag="245" ind1="1" ind2="0"><subfield code="6">880-03</subfield><subfield code="a">Kitāb Tawḍīḥ Fatḥ al-Raʼūf al-mujīb bi-sharḥ Unmūdhaj al-labīb fī khaṣāʼiṣ al-Ḥabīb,</subfield><subfield code="f">[1078, i.e. 1667].</subfield></datafield><datafield tag="246" ind1="3" ind2="8"><subfield code="a">شرح انموذج اللبيب</subfield></datafield><datafield tag="260" ind1=" " ind2=" "><subfield code="a">[Egypt?,</subfield><subfield code="c">1667].</subfield></datafield><datafield tag="300" ind1=" " ind2=" "><subfield code="a">295 leaves :</subfield><subfield code="b">paper ;</subfield><subfield code="c">210 x 150 (133 x 85) mm. bound to 220 x 160 mm.</subfield></datafield><datafield tag="500" ind1=" " ind2=" "><subfield code="a">Shelfmark: Ann Arbor, University of Michigan, Special Collections Library, Isl. Ms. 954</subfield></datafield><datafield tag="500" ind1=" " ind2=" "><subfield code="a">Origin: As appears in colophon on p.586, transcription completed 15 Ṣafar 1078 [ca. 6 August 1667].</subfield></datafield><datafield tag="500" ind1=" " ind2=" "><subfield code="a">Former shelfmark: Mich. Isl. Ms. temp. no. 103</subfield></datafield><datafield tag="500" ind1=" " ind2=" "><subfield code="a">Binding: Boards covered in textured blue cloth with blue leather over spine (quarter binding) ; pastedowns and flyleaves in wove paper printed with a floral vegetal pattern in pink and green ; spine gold-stamped with title and decorative accents over raised bands "شرح انموذج اللبيب" ; resewn in white thread, eight stations ; overall in fairly good condition.</subfield></datafield><datafield tag="500" ind1=" " ind2=" "><subfield code="a">Support: European laid paper with 10 laid lines per cm. (vertical), chain lines spaced 25-26 mm. apart (horizontal), crown-star-crescent watermark (see p.10, 11, 72, 73, etc.), and "AD" countermark (see p.454), medium cream in color, sturdy though fairly crisp, well-burnished to glossy ; staining.</subfield></datafield><datafield tag="500" ind1=" " ind2=" "><subfield code="a">Decoration: Keywords and headings rubricated ; textual dividers in the form of inverted commas (mainly in red) ; a few marginal glosses in decorative shapes.</subfield></datafield><datafield tag="500" ind1=" " ind2=" "><subfield code="a">Script: Naskh ; clear Egyptian hand in a medium to bold line ; mainly serifless with effect of slight inclination to the left or right (varies from one to the other), curvilinear descenders, open and closed counters, pointing in distinct dots, alif maqṣūrah usually pointed as yāʼ, kāf mashqūqah preferred (even final kāf), final nūn quite round with dot set deep in bowl.</subfield></datafield><datafield tag="500" ind1=" " ind2=" "><subfield code="a">Layout: Written in 23 lines per page ; frame-ruled.</subfield></datafield><datafield tag="500" ind1=" " ind2=" "><subfield code="a">Collation: i, V (10), V+1 (21), 23 V(251), IV+2 (261), 3 V(291), II (295), i ; chiefly quinions ; catchwords present (occasionally added in pink, see p.40, 88, etc.) ; quire numbering in the form of full words, though seemingly intentionally obscured by loss of a small portion of the upper outer corner of the opening recto of nearly every quire ; pagination in blue ink, Hindu-Arabic numerals (begins with incipit page) ; pagination in pencil, Western numerals, supplied during digitization (skips two pages between pp.553-554).</subfield></datafield><datafield tag="500" ind1=" " ind2=" "><subfield code="a">Colophon: "Scribal," triangular, reads "وكان الفراغ من رقم هذا الكتاب المبارك يوم السبت المبارك خامس عشر صفر الخير من شهور سنة ثمان وسبعين والف من الهجرة النبوية على صاحبها افضل الصلاة والسلام وصلى الله على سيدنا محمد وعلى اله وسلم ورضي الله عن اصحاب رسول الله اجمعين امين"</subfield></datafield><datafield tag="500" ind1=" " ind2=" "><subfield code="a">Explicit: "فهو لم يفعل ما نهي عنه حتى يحتاج الى الاعتذار بذلك والله اعلم بالصواب واليه المرجع والمآب"</subfield></datafield><datafield tag="500" ind1=" " ind2=" "><subfield code="a">Incipit: "الحمد لله الذي تفضل بارسال الرسل لبيان المعاش والمعاد ... وبعد فيقول العبد الضعيف الراجي عفو الرب الرؤوف اللطيف محمد المدعو عبد الرؤوف ابن المناوي الحدادي ... اني شرحت فيما مضى كتاب انوذج اللبيب في خصائص الحبيب للحافظ الكبير الامام الشهير الجلال السيوطي ... شرحا اقتصرت فيه على حل الفاظه وايراد الدليل ... فاطلع عليه بعض من غلب عليه داء الحسد وحب التغليط واللدد وقال ان الشرح المذكور لم يكشف النقاب عن اسرار الكتاب ... فلما بلغني ما ذكره هذا الحاسد المتحامل والغبي الجاهل بادرت للشروع في هذا الشرح على عجل ... وهو في الحقيقة كالشرح للاول ... وسميته توضيح فتح الرؤوف المجيب بشرح انموذج اللبيب ..."</subfield></datafield><datafield tag="500" ind1=" " ind2=" "><subfield code="a">Title from 'title page' inscription on p.1 and opening matter on p.3.</subfield></datafield><datafield tag="500" ind1=" " ind2=" "><subfield code="a">Ms. codex.</subfield></datafield><datafield tag="510" ind1="4" ind2=" "><subfield code="a">Hamdan, Abdelhamid Saleh. "al-Munāwī, ʿAbd al-Raʾūf b. Tād̲j̲ al-ʿĀrifīn b. ʿAlī b. Zayn al-ʿĀbidīn b. Yaḥyā b. Muḥammad, called Zayn al-Dīn al-Ḥaddādī al-Munāwī al- Ḳāhirī al-S̲h̲āfiʿī." In EI2,</subfield><subfield code="c">vol. VII, p.565, col.1</subfield></datafield><datafield tag="510" ind1="4" ind2=" "><subfield code="a">Brockelmann, C. GAL,</subfield><subfield code="c">S II 417</subfield></datafield><datafield tag="510" ind1="4" ind2=" "><subfield code="a">Brockelmann, C. GAL,</subfield><subfield code="c">II 146 ; S II 181 (II. 29. Auszug comtre. a)</subfield></datafield><datafield tag="520" ind1="8" ind2=" "><subfield code="a">Fine copy of ʻAbd al-Raʼūf Ibn al-Munāwī's (d.1621) revision of his commentary Fatḥ al-Raʼūf al-mujīb on Unmūdhaj al-labīb fī khaṣāʼiṣ al-ḥabīb (also known as al-Khaṣāʼṣ al-ṣughrá), al-Suyūṭī's (d.1505) abridgment of his own Kifāyat al-labīb fī khaṣāʼiṣ al-ḥabīb (known as al-Khaṣāʼiṣ al-kubrá) on the virtues and distinctive attributes of the Prophet.</subfield></datafield><datafield tag="538" ind1=" " ind2=" "><subfield code="a">Mode of access: Internet.</subfield></datafield><datafield tag="541" ind1=" " ind2=" "><subfield code="a">Acquired in the Fall of 1950.</subfield></datafield><datafield tag="546" ind1=" " ind2=" "><subfield code="a">Arabic.</subfield></datafield><datafield tag="561" ind1=" " ind2=" "><subfield code="a">On upper pastedown label with ex libris of James Heyworth-Dunne (d.1974), stamped with inventory numbers, "Ex Libris | J. Heyworth-Dunne | D. Lit. (London) | No. 7784" ; partially effaced waqf statement on 'title page' (p.1) in name of Muḥammad Bayyūmī ( محمد بيومي ) ; brief waqf statement "وقف لله تعالى" repeated throughout volume (opening recto of every quire) though mainly effaced ; ownership statement and circular seal impression only partially visible on 'title page' (p.1) ; UM Library inscription on p.3 "Dunning | Heyworth-Dunne | 6-13-51 | 71955" ; marginal glosses (some arranged decoratively in curves and geometric shapes, see p.116, 117, 119, etc.).</subfield></datafield><datafield tag="600" ind1="1" ind2="0"><subfield code="a">Munāwī, ʻAbd al-Raʼūf ibn Tāj al-ʻĀrifīn,</subfield><subfield code="d">d. 1621.</subfield><subfield code="t">Fatḥ al-Raʼūf al-mujīb.</subfield></datafield><datafield tag="600" ind1="0" ind2="0"><subfield code="a">Suyūṭī,</subfield><subfield code="d">1445-1505.</subfield><subfield code="t">Unmūdhaj al-labīb fī khaṣāʼiṣ al-ḥabīb.</subfield></datafield><datafield tag="600" ind1="0" ind2="0"><subfield code="a">Muḥammad,</subfield><subfield code="c">Prophet,</subfield><subfield code="d">-632</subfield><subfield code="x">Appreciation</subfield><subfield code="v">Early works to 1800.</subfield></datafield><datafield tag="650" ind1=" " ind2="0"><subfield code="a">Manuscripts, Arabic</subfield><subfield code="z">Michigan</subfield><subfield code="z">Ann Arbor.</subfield></datafield><datafield tag="700" ind1="1" ind2=" "><subfield code="a">Heyworth-Dunne, J.</subfield><subfield code="q">(James),</subfield><subfield code="e">former owner.</subfield></datafield><datafield tag="773" ind1="0" ind2=" "><subfield code="a">Heyworth-Dunne Collection.</subfield></datafield><datafield tag="880" ind1="1" ind2="0"><subfield code="6">245-03/</subfield><subfield code="a">كتاب توضيح فتح الرؤوف المجيب بشرح انموذج اللبيب في خصائص الحبيب</subfield><subfield code="f">[1078ه، 1667م].</subfield></datafield><datafield tag="880" ind1="1" ind2="0"><subfield code="6">240-02/</subfield><subfield code="a">توضيح فتح الرؤوف المجيب بشرح انموذج اللبيب</subfield></datafield><datafield tag="880" ind1="1" ind2=" "><subfield code="6">100-01/</subfield><subfield code="a">مناوي، عبد الرأوف بن تاج العارفين</subfield></datafield><datafield tag="CID" ind1=" " ind2=" "><subfield code="a">006832726</subfield></datafield><datafield tag="DAT" ind1="0" ind2=" "><subfield code="a">20190719102640.0</subfield><subfield code="b">20190719000000.0</subfield></datafield><datafield tag="DAT" ind1="1" ind2=" "><subfield code="a">20190719090653.0</subfield><subfield code="b">2019-07-19T16:12:29Z</subfield></datafield><datafield tag="DAT" ind1="2" ind2=" "><subfield code="a">2015-10-02T18:00:03Z</subfield></datafield><datafield tag="CAT" ind1=" " ind2=" "><subfield code="a">SDR-MIU</subfield><subfield code="d">EX LIBRIS - ALEPH</subfield><subfield code="l">prepare.pl-004-008</subfield></datafield><datafield tag="FMT" ind1=" " ind2=" "><subfield code="a">BK</subfield></datafield><datafield tag="HOL" ind1=" " ind2=" "><subfield code="0">sdr-miu006832726</subfield><subfield code="a">MiU</subfield><subfield code="b">SDR</subfield><subfield code="c">MIU</subfield><subfield code="p">mdp.39015079131358</subfield><subfield code="s">MIU</subfield><subfield code="1">006832726</subfield></datafield><datafield tag="974" ind1=" " ind2=" "><subfield code="b">MIU</subfield><subfield code="c">MIU</subfield><subfield code="d">20190719</subfield><subfield code="s">lit-dlps-dc</subfield><subfield code="u">mdp.39015079131358</subfield><subfield code="y">1667</subfield><subfield code="r">pd</subfield><subfield code="q">bib</subfield><subfield code="t">non-US bib date1 &lt; 1896</subfield></datafield></record></collection>